<?xml version="1.0" encoding="UTF-8"?><collection><record><leader>08565ntm a2200601 a 4500</leader><controlfield tag="001">006815178</controlfield><controlfield tag="003">MiAaHDL</controlfield><controlfield tag="005">20190719000000.0</controlfield><controlfield tag="006">m        d        </controlfield><controlfield tag="007">cr bn ---auaua</controlfield><controlfield tag="008">090610s1482    xx            00| ||ara d</controlfield><datafield tag="035" ind1=" " ind2=" "><subfield code="a">(MiU)006815178</subfield></datafield><datafield tag="035" ind1=" " ind2=" "><subfield code="a">sdr-miu006815178</subfield></datafield><datafield tag="040" ind1=" " ind2=" "><subfield code="a">MiU</subfield><subfield code="c">MiU</subfield><subfield code="e">amremm</subfield></datafield><datafield tag="043" ind1=" " ind2=" "><subfield code="a">n-us-mi</subfield></datafield><datafield tag="100" ind1="1" ind2=" "><subfield code="6">880-01</subfield><subfield code="a">Ibn Wafā, ʻAlī ibn Muḥammad,</subfield><subfield code="d">1357 or 1358-1404 or 1405.</subfield></datafield><datafield tag="245" ind1="1" ind2="0"><subfield code="6">880-02</subfield><subfield code="a">Dīwān Sayyidī Ibn Abī al-Wafā,</subfield><subfield code="f">[887, i.e. 1482].</subfield></datafield><datafield tag="246" ind1="3" ind2=" "><subfield code="6">880-03</subfield><subfield code="i">From inscription on upper doublure:</subfield><subfield code="a">Dīwān Sayyidī ʻAlī al-Wafāʼī</subfield></datafield><datafield tag="260" ind1=" " ind2=" "><subfield code="c">[1482].</subfield></datafield><datafield tag="300" ind1=" " ind2=" "><subfield code="a">139 leaves :</subfield><subfield code="b">paper ;</subfield><subfield code="c">170 x 130 (125 x 90) mm. bound to 175 x 130 mm.</subfield></datafield><datafield tag="500" ind1=" " ind2=" "><subfield code="a">Shelfmark: Ann Arbor, University of Michigan, Special Collections Library, Isl. Ms. 642</subfield></datafield><datafield tag="500" ind1=" " ind2=" "><subfield code="a">Origin: As appears in colophon on fol.139b, copied by Muḥammad ibn Muḥammad min al-Baladay An...[?]. Transcription finished ("wa-kāna al-farāgh min naskhih...") Wednesday, 10 Jumādá I 887 [ca. 27 June 1482]. As appears in ex libris on fol.1a, copied for ("bi-rasm") ʻAlā’ī al-Dīn ibn ...[?] Shams al-Dīn Muḥammad ibn Shahīd al-Dīn Aḥmad ibn al-Sa‘īdī.</subfield></datafield><datafield tag="500" ind1=" " ind2=" "><subfield code="a">Former shelfmark: From inner margin of fol.1a "IL 132a" and spine label, "IL 132" (likely supplied by Yahuda).</subfield></datafield><datafield tag="500" ind1=" " ind2=" "><subfield code="a">Binding: Pasteboards covered in dark brown leather (goatskin) with red leather (goatskin) repairs; Type II (with flap) though flap is now missing; may be original, given the contemporaneous dating of the similar cover on Chester Beaty Library Moritz Collection 60 (see Bosch, Carswell, &amp; Petherbridge no.77, p.201); upper and lower cover bear a design blind-tooled with gold paint, consisting of of frame, central scalloped mandorla, and accents; frame has a central motif made with interlocking S-shaped stamps, two fillets on either side, and an innermost fifth fillet painted gold; corners of the frame are marked with diagonal lines of small crosses, similar to the ones on the titlepiece; at center is 10-lobed mandorla, the scallops of which have a double gold painted outline, as well as small circles at the apex of each scallop and small crosses where the ends of each scallop meet; ogival points have simple, three-pointed calyxes atop slightly arched crossbars; interior of the mandorla bears another calyx with additional ogival calyxes, which are also painted gold on the upper cover; within the mandorla an elaborate filled pattern is present, but difficult to see; doublures are of a slightly lighter brown leather, have four-fillet frames and bear small, hand-tooled, sixteen-lobed shamsas with clearly visible centering lines that extend to the edges of the innermost fillet of the frames; in poor condition.</subfield></datafield><datafield tag="500" ind1=" " ind2=" "><subfield code="a">Support: non-European laid paper, at least three types are used; one paper is rather thick with chainlines running horizontally in alternating groups of 2 and 3, individual chainlines spaced 11 mm. apart and groups spaced roughly 40 mm. apart; another paper seems quite similar except for having been tinted a brownish-ochre; third paper is of a similar color to the second, but smaller, thinner, more highly burnished, and rather ragged at the edges; the tinted papers appear to have been laid into the quires to embellish the copy.</subfield></datafield><datafield tag="500" ind1=" " ind2=" "><subfield code="a">Decoration: Titlepiece on fol.1a consists of a rectangular panel bearing the title in red tawqīʻ above a central panel bearing a circular medallion (shamsah) with 'pendants' (Weisweiler class. 57-60) bordered in gold-painted black double-lines filled with a central pattern of small crosses and carrying an ex libris in red tawqīʻ; piece is framed with an outermost red fillet, a gold-filled double black line, a central series of equilateral crosses that seem to recall blind-tooling techniques, another gold-filled double black line, and final, innermost red fillet; text is polychrome with the main text in black and a variety of other colors used in various combinations for the headings and the dots separating the hemistitches, often with some sort of scheme of alternating colors; in the opening quires, both the chapter headings and the dots are in red, but in subsequent quires the dots may be red while the titles are in lime green;a slate-blue color also often appears; often the dots will be outlined in either black or yellowish-white ink; obviously executed with careful attention.</subfield></datafield><datafield tag="500" ind1=" " ind2=" "><subfield code="a">Script: Naskh; small to medium Turkish hand with thin, elongated ascenders and elongated, swooping descenders; generally sans serif; quite legible; fully vocalized; text of titlepiece in tawqīʻ script.</subfield></datafield><datafield tag="500" ind1=" " ind2=" "><subfield code="a">Layout: Written in 15 lines per page; single column but with the hemistitches divided by colored dots to appear as two columns; frame-ruled.</subfield></datafield><datafield tag="500" ind1=" " ind2=" "><subfield code="a">Collation: IV (8), V (18), IV (26), 3 V (56), IV (64), III (70), V + 1 (81), IV (89), II (93), 2 III (105), 3 V (135), II (139); catchwords lacking; pagination in pencil, Western numerals supplied in cataloguing.</subfield></datafield><datafield tag="500" ind1=" " ind2=" "><subfield code="a">Colophon: "Scribal," triangular, reads: "تم الديوان المبارك بحمد لله وعونه وحسن توفيقه وصلى الله على سيدنا محمد واله وصحبه وسلم وكان الفراغ من نسخه يوم الاربعا عاشر جمادى الاول من شهور سنة سبعة وثمانين وثمانة ماية وكتبه العبد الفقير الى الله تعالى محمد بن محمد من [؟] البلدي انكورية [...؟]"</subfield></datafield><datafield tag="500" ind1=" " ind2=" "><subfield code="a">Explicit: " فنحن نحكم ولا يحكم علينا شيء"</subfield></datafield><datafield tag="500" ind1=" " ind2=" "><subfield code="a">Incipit: "حروف الهمزة قال رضي الله عنا به حققت عهد مجيتي [كذا] وولاي بشهود توحيدي وحكم وفاي"</subfield></datafield><datafield tag="500" ind1=" " ind2=" "><subfield code="a">Title from titlepiece on fol.1a.</subfield></datafield><datafield tag="500" ind1=" " ind2=" "><subfield code="a">Ms. codex.</subfield></datafield><datafield tag="510" ind1="4" ind2=" "><subfield code="a">Bosch, Carswell, &amp; Petherbridge. Islamic Bindings and Bookmaking (1981),</subfield><subfield code="c">p. 201, no.77</subfield></datafield><datafield tag="510" ind1="4" ind2=" "><subfield code="a">McGregor, R. "ʻAlī b. Muḥammad Wafāʼ." EI3.</subfield></datafield><datafield tag="510" ind1="4" ind2=" "><subfield code="a">Hajji Khalifah. Kashf al-ẓunūn,</subfield><subfield code="c">iii 251, no. 5224</subfield></datafield><datafield tag="510" ind1="4" ind2=" "><subfield code="a">Brockelmann, C. GAL,</subfield><subfield code="c">II, 120, no. 1</subfield></datafield><datafield tag="520" ind1="8" ind2=" "><subfield code="a">Collected poetry of the Ṣūfī shaykh and poet ʻAlī ibn Muḥammad Wafāʼ (d.1405), arranged alphabetically according to the final letter of each bayt. Description provided by Noah Gardiner.</subfield></datafield><datafield tag="538" ind1=" " ind2=" "><subfield code="a">Mode of access: Internet.</subfield></datafield><datafield tag="541" ind1=" " ind2=" "><subfield code="a">Acquired in 1926 from the bookseller Isaac Benjamin S.E. Yahuda via purchase transacted on his behalf by Abraham Shalom Yahuda (1877-1951), his younger brother.</subfield></datafield><datafield tag="546" ind1=" " ind2=" "><subfield code="a">Arabic.</subfield></datafield><datafield tag="561" ind1=" " ind2=" "><subfield code="a">Ex libris of ʻAlā’ī al-Dīn ibn ...[?] Shams al-Dīn Muḥammad ibn Shahīd al-Dīn Aḥmad ibn al-Sa‘īdī appears on fol.1a, reads: "كتب هذا الديوان المبارك برسم علائى الدين بن ...[؟] شمس الدين محمد بن شهيد الدين احمد بن السعيدي غفر الله له ولوالديه لجميع المسلمين اجمعين امين" ; octagonal seal impression with name and date "محمد ...١١٤٨" appears on fol.20b and fol.21a; a signed and dated study and correction note on fol.1a reads "ابتداء مطالعة مع تصحيح بحسب الطاقة ابو ... بن احمد ... بن الملا نهار ۲ ذي القعدة ۱۰٦٢"; a transcription notice (indicating a copy was made from this copy) appears on fol.1a and reads "انتقل هذا الكتاب بيد العبد [...؟] في بلدة حلب سنة ١٢۴۵ في شهر رمضان"; a few marginal corrections scattered throughout, some in the hand of reader named aforementioned study note of fol.1a.</subfield></datafield><datafield tag="650" ind1=" " ind2="0"><subfield code="a">Manuscripts, Arabic</subfield><subfield code="z">Michigan</subfield><subfield code="z">Ann Arbor.</subfield></datafield><datafield tag="650" ind1=" " ind2="0"><subfield code="a">Sufi poetry, Arabic</subfield><subfield code="v">Early works to 1800.</subfield></datafield><datafield tag="700" ind1="0" ind2=" "><subfield code="6">880-05</subfield><subfield code="a">ʻAlā’ī al-Dīn ibn Shams al-Dīn Muḥammad ibn Shahīd al-Dīn Aḥmad ibn al-Sa‘īdī,</subfield><subfield code="d">fl. 1482,</subfield><subfield code="e">former owner.</subfield></datafield><datafield tag="700" ind1="0" ind2=" "><subfield code="6">880-04</subfield><subfield code="a">Muḥammad ibn Muḥammad al-Baladī,</subfield><subfield code="d">fl. 1482,</subfield><subfield code="e">scribe.</subfield></datafield><datafield tag="773" ind1="0" ind2=" "><subfield code="a">Yahuda Collection.</subfield></datafield><datafield tag="880" ind1="0" ind2=" "><subfield code="6">700-05/</subfield><subfield code="a">علائي الدين بن شمس الدين محمد بن شهيد الدين احمد بن السعيدي,</subfield><subfield code="e">مالك سابق.</subfield></datafield><datafield tag="880" ind1="0" ind2=" "><subfield code="6">700-04/</subfield><subfield code="a">محمد بن محمد البلدي,</subfield><subfield code="e">ناسخ.</subfield></datafield><datafield tag="880" ind1="3" ind2=" "><subfield code="6">246-03/</subfield><subfield code="a">ديوان سيدي علي الوفائي</subfield></datafield><datafield tag="880" ind1="1" ind2="0"><subfield code="6">245-02/</subfield><subfield code="a">ديوان سيدي ابن ابي الوفا,</subfield><subfield code="f">[887ه، 1482م].</subfield></datafield><datafield tag="880" ind1="1" ind2=" "><subfield code="6">100-01/</subfield><subfield code="a">ابن وفا، علي بن محمد.</subfield></datafield><datafield tag="CID" ind1=" " ind2=" "><subfield code="a">006815178</subfield></datafield><datafield tag="DAT" ind1="0" ind2=" "><subfield code="a">20190719102639.0</subfield><subfield code="b">20190719000000.0</subfield></datafield><datafield tag="DAT" ind1="1" ind2=" "><subfield code="a">20190719090653.0</subfield><subfield code="b">2019-07-19T16:12:00Z</subfield></datafield><datafield tag="DAT" ind1="2" ind2=" "><subfield code="a">2015-10-10T18:00:06Z</subfield></datafield><datafield tag="CAT" ind1=" " ind2=" "><subfield code="a">SDR-MIU</subfield><subfield code="d">EX LIBRIS - ALEPH</subfield><subfield code="l">prepare.pl-004-008</subfield></datafield><datafield tag="FMT" ind1=" " ind2=" "><subfield code="a">BK</subfield></datafield><datafield tag="HOL" ind1=" " ind2=" "><subfield code="0">sdr-miu006815178</subfield><subfield code="a">MiU</subfield><subfield code="b">SDR</subfield><subfield code="c">MIU</subfield><subfield code="p">mdp.39015079129337</subfield><subfield code="s">MIU</subfield><subfield code="1">006815178</subfield></datafield><datafield tag="974" ind1=" " ind2=" "><subfield code="b">MIU</subfield><subfield code="c">MIU</subfield><subfield code="d">20190719</subfield><subfield code="s">lit-dlps-dc</subfield><subfield code="u">mdp.39015079129337</subfield><subfield code="y">1482</subfield><subfield code="r">pd</subfield><subfield code="q">bib</subfield><subfield code="t">non-US bib date1 &lt; 1879</subfield></datafield></record></collection>